@article{Shogren2008,
author = {Shogren, Jason F. and Taylor, Laura O.},
doi = {10.1093/reep/rem027},
file = {:C\:/Users/jancy/Documents/Paper/4faa75beeb08e6ffaf8df29aab4e9d3760ed.pdf:pdf},
issn = {17506816},
journal = {Review of Environmental Economics and Policy},
number = {1},
pages = {26--44},
title = {{On behavioral-environmental economics}},
volume = {2},
year = {2008}
}

@article{dolan2010mindspace,
  title={MINDSPACE: influencing behaviour for public policy},
  author={Dolan, Paul and Hallsworth, Michael and Halpern, David and King, Dominic and Vlaev, Ivo},
  year={2010},
  publisher={Institute of Government}
}

@article{pittel2013international,
  title={International climate finance and its influence on fairness and policy},
  author={Pittel, Karen and R{\"u}bbelke, Dirk},
  journal={The World Economy},
  volume={36},
  number={4},
  pages={419--436},
  year={2013},
  publisher={Wiley Online Library}
}

@article{torres2018direct,
  title={Direct and spillover effects of a social information campaign on residential water-savings},
  author={Torres, M{\'o}nica M Jaime and Carlsson, Fredrik},
  journal={Journal of Environmental Economics and Management},
  volume={92},
  pages={222--243},
  year={2018},
  publisher={Elsevier}
}

@article{kesternich2017recent,
  title={Recent trends in behavioral environmental economics},
  author={Kesternich, Martin and Reif, Christiane and R{\"u}bbelke, Dirk},
  journal={Environmental and Resource Economics},
  volume={67},
  number={3},
  pages={403--411},
  year={2017},
  publisher={Springer}
}

@article{levitt2007laboratory,
  title={What do laboratory experiments measuring social preferences reveal about the real world?},
  author={Levitt, Steven D and List, John A},
  journal={Journal of Economic perspectives},
  volume={21},
  number={2},
  pages={153--174},
  year={2007}
}

@article{allcott2011social,
  title={Social norms and energy conservation},
  author={Allcott, Hunt},
  journal={Journal of public Economics},
  volume={95},
  number={9-10},
  pages={1082--1095},
  year={2011},
  publisher={Elsevier}
}

@article{ferraro2013using,
  title={Using nonpecuniary strategies to influence behavior: evidence from a large-scale field experiment},
  author={Ferraro, Paul J and Price, Michael K},
  journal={Review of Economics and Statistics},
  volume={95},
  number={1},
  pages={64--73},
  year={2013},
  publisher={MIT Press}
}

@article{ferraro2011persistence,
  title={The persistence of treatment effects with norm-based policy instruments: evidence from a randomized environmental policy experiment},
  author={Ferraro, Paul J and Miranda, Juan Jose and Price, Michael K},
  journal={American Economic Review},
  volume={101},
  number={3},
  pages={318--22},
  year={2011}
}

@article{nyborg2016social,
  title={Social norms as solutions},
  author={Nyborg, Karine and Anderies, John M and Dannenberg, Astrid and Lindahl, Therese and Schill, Caroline and Schl{\"u}ter, Maja and Adger, W Neil and Arrow, Kenneth J and Barrett, Scott and Carpenter, Stephen and others},
  journal={Science},
  volume={354},
  number={6308},
  pages={42--43},
  year={2016},
  publisher={American Association for the Advancement of Science}
}

@article{cialdini1998social,
  title={Social influence: Social norms, conformity and compliance.},
  author={Cialdini, Robert B and Trost, Melanie R},
  year={1998},
  publisher={McGraw-Hill}
}

@article{cialdini2003crafting,
  title={Crafting normative messages to protect the environment},
  author={Cialdini, Robert B},
  journal={Current directions in psychological science},
  volume={12},
  number={4},
  pages={105--109},
  year={2003},
  publisher={SAGE Publications Sage CA: Los Angeles, CA}
}

@article{kormos2015influence,
  title={The influence of descriptive social norm information on sustainable transportation behavior: A field experiment},
  author={Kormos, Christine and Gifford, Robert and Brown, Erinn},
  journal={Environment and Behavior},
  volume={47},
  number={5},
  pages={479--501},
  year={2015},
  publisher={SAGE Publications Sage CA: Los Angeles, CA}
}

@article{schultz1999changing,
  title={Changing behavior with normative feedback interventions: A field experiment on curbside recycling},
  author={Schultz, P Wesley},
  journal={Basic and applied social psychology},
  volume={21},
  number={1},
  pages={25--36},
  year={1999},
  publisher={Taylor \& Francis}
}

@article{goldstein2008room,
  title={A room with a viewpoint: Using social norms to motivate environmental conservation in hotels},
  author={Goldstein, Noah J and Cialdini, Robert B and Griskevicius, Vladas},
  journal={Journal of consumer Research},
  volume={35},
  number={3},
  pages={472--482},
  year={2008},
  publisher={Oxford University Press}
}

@article{van2020eco,
  title={Eco-labels: Modeling the consumer side},
  author={van't Veld, Klaas},
  journal={Annual Review of Resource Economics},
  volume={12},
  pages={187--207},
  year={2020},
  publisher={Annual Reviews}
}

@article{nyborg2018social,
  title={Social norms and the environment},
  author={Nyborg, Karine},
  journal={Annual Review of Resource Economics},
  year={2018},
  publisher={Annual Reviews}
}

@article{nyborg2003social,
  title={On social norms: the evolution of considerate smoking behavior},
  author={Nyborg, Karine and Rege, Mari},
  journal={Journal of Economic Behavior \& Organization},
  volume={52},
  number={3},
  pages={323--340},
  year={2003},
  publisher={Elsevier}
}

@article{allcott2014short,
  title={The short-run and long-run effects of behavioral interventions: Experimental evidence from energy conservation},
  author={Allcott, Hunt and Rogers, Todd},
  journal={American Economic Review},
  volume={104},
  number={10},
  pages={3003--37},
  year={2014}
}

@article{louviere2010discrete,
  title={Discrete choice experiments are not conjoint analysis},
  author={Louviere, Jordan J and Flynn, Terry N and Carson, Richard T},
  journal={Journal of choice modelling},
  volume={3},
  number={3},
  pages={57--72},
  year={2010},
  publisher={Elsevier}
}

@article{camilleri2014metric,
  title={Metric and scale design as choice architecture tools},
  author={Camilleri, Adrian R and Larrick, Richard P},
  journal={Journal of Public Policy \& Marketing},
  volume={33},
  number={1},
  pages={108--125},
  year={2014},
  publisher={SAGE Publications Sage CA: Los Angeles, CA}
}

@article{gromet2013political,
  title={Political ideology affects energy-efficiency attitudes and choices},
  author={Gromet, Dena M and Kunreuther, Howard and Larrick, Richard P},
  journal={Proceedings of the National Academy of Sciences},
  volume={110},
  number={23},
  pages={9314--9319},
  year={2013},
  publisher={National Acad Sciences}
}

@article{sheldon2021,
  title={Micro-targeting Consumers to Reduce Consumptive Externalities},
  author={Tamara L. Sheldon, J.R. DeShazo,  Bronwyn Lewis Friscia},
  year={2021},
  publisher={Working Paper}
}

@article{asioli2018consumers,
  title={Consumers’ valuation for lab produced meat: an investigation of naming effects},
  author={Asioli, Daniele and Bazzani, Claudia and Nayga, Rodolfo M},
  year={2018}
}

@book{john1999big,
  title={The Big-Five trait taxonomy: History, measurement, and theoretical perspectives},
  author={John, Oliver P and Srivastava, Sanjay and others},
  volume={2},
  year={1999},
  publisher={University of California Berkeley}
}

@article{davis2016does,
  title={Does better information lead to better choices? Evidence from energy-efficiency labels},
  author={Davis, Lucas W and Metcalf, Gilbert E},
  journal={Journal of the Association of Environmental and Resource Economists},
  volume={3},
  number={3},
  pages={589--625},
  year={2016},
  publisher={University of Chicago Press Chicago, IL}
}

@article{mangham2009or,
  title={How to do (or not to do)… Designing a discrete choice experiment for application in a low-income country},
  author={Mangham, Lindsay J and Hanson, Kara and McPake, Barbara},
  journal={Health policy and planning},
  volume={24},
  number={2},
  pages={151--158},
  year={2009},
  publisher={Oxford University Press}
}


@article{sheldon2017electric,
  title={Electric and plug-in hybrid vehicle demand: lessons for an emerging market},
  author={Sheldon, Tamara L and DeShazo, JR and Carson, Richard T},
  journal={Economic Inquiry},
  volume={55},
  number={2},
  pages={695--713},
  year={2017},
  publisher={Wiley Online Library}
}

@article{revelt1998mixed,
  title={Mixed logit with repeated choices: households' choices of appliance efficiency level},
  author={Revelt, David and Train, Kenneth},
  journal={Review of economics and statistics},
  volume={80},
  number={4},
  pages={647--657},
  year={1998},
  publisher={MIT Press}
}
@article{hole2007fitting,
  title={Fitting mixed logit models by using maximum simulated likelihood},
  author={Hole, Arne Risa},
  journal={The stata journal},
  volume={7},
  number={3},
  pages={388--401},
  year={2007},
  publisher={SAGE Publications Sage CA: Los Angeles, CA}
}

@article{hole2015mixlogitwtp,
  title={MIXLOGITWTP: Stata module to estimate mixed logit models in WTP space},
  author={Hole, Arne Risa},
  journal={Statistical Software Components },
  volume={S458037},
  year={2016},
  publisher={Boston College Department of Economics}
}

@article{bhat2003simulation,
  title={Simulation estimation of mixed discrete choice models using randomized and scrambled Halton sequences},
  author={Bhat, Chandra R},
  journal={Transportation Research Part B: Methodological},
  volume={37},
  number={9},
  pages={837--855},
  year={2003},
  publisher={Elsevier}
}

@article{mcfadden1974measurement,
  title={The measurement of urban travel demand},
  author={McFadden, Daniel},
  journal={Journal of public economics},
  volume={3},
  number={4},
  pages={303--328},
  year={1974},
  publisher={Elsevier}
}

@article{greene2003latent,
  title={A latent class model for discrete choice analysis: contrasts with mixed logit},
  author={Greene, William H and Hensher, David A},
  journal={Transportation Research Part B: Methodological},
  volume={37},
  number={8},
  pages={681--698},
  year={2003},
  publisher={Elsevier}
}

@article{schubert2017green,
  title={Green nudges: Do they work? Are they ethical?},
  author={Schubert, Christian},
  journal={Ecological Economics},
  volume={132},
  pages={329--342},
  year={2017},
  publisher={Elsevier}
}

@article{araghi2014social,
  title={Do social norms regarding carbon offsetting affect individual preferences towards this policy? Results from a stated choice experiment},
  author={Araghi, Yashar and Kroesen, Maarten and Molin, Eric and van Wee, Bert},
  journal={Transportation Research Part D: Transport and Environment},
  volume={26},
  pages={42--46},
  year={2014},
  publisher={Elsevier}
}

@article{carlsson2010conformity,
  title={Conformity and the demand for environmental goods},
  author={Carlsson, Fredrik and Garc{\'\i}a, Jorge H and L{\"o}fgren, {\AA}sa},
  journal={Environmental and resource economics},
  volume={47},
  number={3},
  pages={407--421},
  year={2010},
  publisher={Springer}
}

@techreport{vlaeminck2015labels,
  title={Do labels capture consumers’ actual willingness to pay for Fair Trade characteristics?},
  author={Vlaeminck, Pieter and Vranken, Liesbet},
  year={2015}
}

@article{bosbach2019implicit,
  title={The Implicit Price for Fair Trade Coffee: Does Social Capital Matter?},
  author={Bosbach, Moritz and Maietta, Ornella Wanda},
  journal={Ecological Economics},
  volume={158},
  pages={34--41},
  year={2019},
  publisher={Elsevier}
}

@article{tully2014role,
  title={The role of the beneficiary in willingness to pay for socially responsible products: a meta-analysis},
  author={Tully, Stephanie M and Winer, Russell S},
  journal={Journal of Retailing},
  volume={90},
  number={2},
  pages={255--274},
  year={2014},
  publisher={Elsevier}
}

@article{grolleau2016helping,
  title={Helping eco-labels to fulfil their promises},
  author={Grolleau, Gilles and Ibanez, Lisette and Mzoughi, Naoufel and Teisl, Mario},
  journal={Climate Policy},
  volume={16},
  number={6},
  pages={792--802},
  year={2016},
  publisher={Taylor \& Francis}
}

@article{fehr2018normative,
  title={Normative foundations of human cooperation},
  author={Fehr, Ernst and Schurtenberger, Ivo},
  journal={Nature Human Behaviour},
  volume={2},
  number={7},
  pages={458--468},
  year={2018},
  publisher={Nature Publishing Group}
}

@article{fischbacher2001people,
  title={Are people conditionally cooperative? Evidence from a public goods experiment},
  author={Fischbacher, Urs and G{\"a}chter, Simon and Fehr, Ernst},
  journal={Economics letters},
  volume={71},
  number={3},
  pages={397--404},
  year={2001},
  publisher={Elsevier}
}

@article{croson2008impact,
  title={The impact of downward social information on contribution decisions},
  author={Croson, Rachel and Shang, Jen Yue},
  journal={Experimental Economics},
  volume={11},
  number={3},
  pages={221--233},
  year={2008},
  publisher={Springer}
}

@article{krupka2016differential,
  title={The differential impact of social norms cues on charitable contributions},
  author={Krupka, Erin L and Croson, Rachel TA},
  journal={Journal of Economic Behavior \& Organization},
  volume={128},
  pages={149--158},
  year={2016},
  publisher={Elsevier}
}

@article{kandul2021public,
  title={Public good provision, in-group cooperation and out-group descriptive norms: A lab experiment},
  author={Kandul, Serhiy and Lanz, Bruno},
  journal={Journal of Economic Psychology},
  volume={85},
  pages={102382},
  year={2021},
  publisher={Elsevier}
}

@article{pellerano2017extrinsic,
  title={Do extrinsic incentives undermine social norms? Evidence from a field experiment in energy conservation},
  author={Pellerano, Jos{\'e} A and Price, Michael K and Puller, Steven L and S{\'a}nchez, Gonzalo E},
  journal={Environmental and resource Economics},
  volume={67},
  number={3},
  pages={413--428},
  year={2017},
  publisher={Springer}
}

@article{reno1993transsituational,
  title={The transsituational influence of social norms.},
  author={Reno, Raymond R and Cialdini, Robert B and Kallgren, Carl A},
  journal={Journal of personality and social psychology},
  volume={64},
  number={1},
  pages={104},
  year={1993},
  publisher={American Psychological Association}
}

@article{sparkman2017dynamic,
  title={Dynamic norms promote sustainable behavior, even if it is counternormative},
  author={Sparkman, Gregg and Walton, Gregory M},
  journal={Psychological science},
  volume={28},
  number={11},
  pages={1663--1674},
  year={2017},
  publisher={Sage Publications Sage CA: Los Angeles, CA}
}

@article{sparkman2021social,
  title={How social norms are often a barrier to addressing climate change but can be part of the solution},
  author={Sparkman, Gregg and Howe, Lauren and Walton, Greg},
  journal={Behavioural Public Policy},
  volume={5},
  number={4},
  pages={528--555},
  year={2021},
  publisher={Cambridge University Press}
}

@article{fischbacher2010social,
  title={Social preferences, beliefs, and the dynamics of free riding in public goods experiments},
  author={Fischbacher, Urs and G{\"a}chter, Simon},
  journal={American economic review},
  volume={100},
  number={1},
  pages={541--56},
  year={2010}
}

@article{schultz2007constructive,
  title={The constructive, destructive, and reconstructive power of social norms},
  author={Schultz, P Wesley and Nolan, Jessica M and Cialdini, Robert B and Goldstein, Noah J and Griskevicius, Vladas},
  journal={Psychological science},
  volume={18},
  number={5},
  pages={429--434},
  year={2007},
  publisher={SAGE Publications Sage CA: Los Angeles, CA}
}

@article{cox2013provision,
  title={Provision versus appropriation in symmetric and asymmetric social dilemmas},
  author={Cox, James C and Ostrom, Elinor and Sadiraj, Vjollca and Walker, James M},
  journal={Southern economic journal},
  volume={79},
  number={3},
  pages={496--512},
  year={2013},
  publisher={Wiley Online Library}
}

@article{herrmann2009measuring,
  title={Measuring conditional cooperation: a replication study in Russia},
  author={Herrmann, Benedikt and Th{\"o}ni, Christian},
  journal={Experimental Economics},
  volume={12},
  number={1},
  pages={87--92},
  year={2009},
  publisher={Springer}
}

@article{cai2009observational,
  title={Observational learning: Evidence from a randomized natural field experiment},
  author={Cai, Hongbin and Chen, Yuyu and Fang, Hanming},
  journal={American Economic Review},
  volume={99},
  number={3},
  pages={864--82},
  year={2009}
}

@article{alpizar2008anonymity,
  title={Anonymity, reciprocity, and conformity: Evidence from voluntary contributions to a national park in Costa Rica},
  author={Alpizar, Francisco and Carlsson, Fredrik and Johansson-Stenman, Olof},
  journal={Journal of Public Economics},
  volume={92},
  number={5-6},
  pages={1047--1060},
  year={2008},
  publisher={Elsevier}
}

% LR about social norms theories related to public goods, most from weber, Krupka, and 

@article{krupka2013identifying,
  title={Identifying social norms using coordination games: Why does dictator game sharing vary?},
  author={Krupka, Erin L and Weber, Roberto A},
  journal={Journal of the European Economic Association},
  volume={11},
  number={3},
  pages={495--524},
  year={2013},
  publisher={Oxford University Press}
}

@article{engl2021spillover,
  title={Spillover effects of institutions on cooperative behavior, preferences, and beliefs},
  author={Engl, Florian and Riedl, Arno and Weber, Roberto},
  journal={American Economic Journal: Microeconomics},
  volume={13},
  number={4},
  pages={261--99},
  year={2021}
}

@article{lazear2012sorting,
  title={Sorting in experiments with application to social preferences},
  author={Lazear, Edward P and Malmendier, Ulrike and Weber, Roberto A},
  journal={American Economic Journal: Applied Economics},
  volume={4},
  number={1},
  pages={136--63},
  year={2012}
}

@article{chang2019rhetoric,
  title={Rhetoric matters: A social norms explanation for the anomaly of framing},
  author={Chang, Daphne and Chen, Roy and Krupka, Erin},
  journal={Games and Economic Behavior},
  volume={116},
  pages={158--178},
  year={2019},
  publisher={Elsevier}
}

@article{kimbrough2016norms,
  title={Norms make preferences social},
  author={Kimbrough, Erik O and Vostroknutov, Alexander},
  journal={Journal of the European Economic Association},
  volume={14},
  number={3},
  pages={608--638},
  year={2016},
  publisher={Oxford University Press}
}

@incollection{cialdini1991focus,
  title={A focus theory of normative conduct: A theoretical refinement and reevaluation of the role of norms in human behavior},
  author={Cialdini, Robert B and Kallgren, Carl A and Reno, Raymond R},
  booktitle={Advances in experimental social psychology},
  volume={24},
  pages={201--234},
  year={1991},
  publisher={Elsevier}
}

@article{kallgren2000focus,
  title={A focus theory of normative conduct: When norms do and do not affect behavior},
  author={Kallgren, Carl A and Reno, Raymond R and Cialdini, Robert B},
  journal={Personality and social psychology bulletin},
  volume={26},
  number={8},
  pages={1002--1012},
  year={2000},
  publisher={Sage Publications Sage CA: Thousand Oaks, CA}
}

@article{fehr2018dynamics,
  title={The dynamics of norm formation and norm decay},
  author={Fehr, Ernst and Schurtenberger, Ivo},
  journal={Working paper series/Department of Economics},
  number={278},
  year={2018},
  publisher={University of Zurich}
}

